%! Author = user
%! Date = 06.10.2022

